<collection xmlns='http://www.loc.gov/MARC21/slim' xmlns:xsi='http://www.w3.org/2001/XMLSchema-instance' xsi:schemaLocation='http://www.loc.gov/standards/marcxml/schema/MARC21slim.xsd'>
  <record xmlns="http://www.loc.gov/MARC21/slim">
    <leader>00000ctm a2200000Ia 4500</leader>
    <controlfield tag="001">on1097682681</controlfield>
    <controlfield tag="008">190419m12651371xx a          000 0 ara d</controlfield>
    <datafield tag="040" ind1=" " ind2=" ">
      <subfield code="a">ZCU</subfield>
      <subfield code="b">eng</subfield>
      <subfield code="e">amremm</subfield>
      <subfield code="c">ZCU</subfield>
      <subfield code="d">ZCU</subfield>
    </datafield>
    <datafield tag="035" ind1=" " ind2=" ">
      <subfield code="a">(NNC)13848480</subfield>
    </datafield>
    <datafield tag="041" ind1="0" ind2=" ">
      <subfield code="a">ara</subfield>
      <subfield code="h">grc</subfield>
    </datafield>
    <datafield tag="043" ind1=" " ind2=" ">
      <subfield code="a">n-us-ny</subfield>
    </datafield>
    <datafield tag="049" ind1=" " ind2=" ">
      <subfield code="a">ZCUA</subfield>
    </datafield>
    <datafield tag="245" ind1="0" ind2="0">
      <subfield code="6">880-01</subfield>
      <subfield code="a">Kitāb al-mutawassiṭāt.</subfield>
    </datafield>
    <datafield tag="246" ind1="3" ind2="0">
      <subfield code="6">880-02</subfield>
      <subfield code="a">Mutawassiṭāt.</subfield>
    </datafield>
    <datafield tag="264" ind1=" " ind2="0">
      <subfield code="c">[1265-1371?]</subfield>
    </datafield>
    <datafield tag="300" ind1=" " ind2=" ">
      <subfield code="a">180 foliated leaves :</subfield>
      <subfield code="b">paper, illustrations ;</subfield>
      <subfield code="c">200 x 150 (150 x 115) mm, bound to 200 x 150 mm</subfield>
    </datafield>
    <datafield tag="336" ind1=" " ind2=" ">
      <subfield code="a">text</subfield>
      <subfield code="b">txt</subfield>
      <subfield code="2">rdacontent</subfield>
    </datafield>
    <datafield tag="337" ind1=" " ind2=" ">
      <subfield code="a">unmediated</subfield>
      <subfield code="b">n</subfield>
      <subfield code="2">rdamedia</subfield>
    </datafield>
    <datafield tag="338" ind1=" " ind2=" ">
      <subfield code="a">volume</subfield>
      <subfield code="b">nc</subfield>
      <subfield code="2">rdacarrier</subfield>
    </datafield>
    <datafield tag="340" ind1=" " ind2=" ">
      <subfield code="d">manuscript</subfield>
    </datafield>
    <datafield tag="500" ind1=" " ind2=" ">
      <subfield code="a">Manuscript codex.</subfield>
    </datafield>
    <datafield tag="520" ind1=" " ind2=" ">
      <subfield code="a">17 works, chiefly Arabic translations of Greek treatises and responses to them concerning geometry and astronomy, given a collective title that signifies that these works were to be read after Euclid's Elements in preparation for Ptolemy's Almagest (note on flyleaf 3r, at front of book). Four works (12, 13, 16, 17) are not translations, one (9) is qualified as revised by al-Kindī, one (16) is copied in a different style, and one (17) is on music.  A table of contents is included (flyleaf 1 verso, at front of book), and the colophon of work 15 (f. 160v) says that Kitāb al-mutawassiṭāt is complete before listing the next two works that will follow.</subfield>
    </datafield>
    <datafield tag="500" ind1=" " ind2=" ">
      <subfield code="a">Title from title page (f. 1r) and colophon of one work (f. 160r)</subfield>
    </datafield>
    <datafield tag="505" ind1="0" ind2=" ">
      <subfield code="a">1. f. 1v-11r: Taḥrīr kitāb al-muʻṭīyāt / Uqlīdis -- 2. f. 11v-24v: Kitāb al-ukar / Thāwudhūsīyus -- 3. f. 25r-27r: Taḥrīr kitāb al-kurah al-mutaḥarrikah / Awtūlūqūs --  4. f. 27v-64r: Taḥrīr kitāb Mānālāwus fī al-ashkāl al-kurīyah / Mānālāwus -- 5. f. 65v-72v: Taḥrīr al-manāẓir / Uqlīdis -- 6. f. 73r-82v: Kitāb ẓāhirat al-falak / Uqlīdis -- 7. f. 83r-92r: Kitāb Thāwudhūsīyus fī al-ayyām wa-al-layālī / Thāwudhūsīyus -- 8. f. 92v-100r: Kitāb Awtūlūqūs fī al-ṭulūʻ wa-al-ghurūb / Awtūlūqūs -- 9. f. 100v-101v: Kitāb Isqilawus fī al-maṭāliʻ mimmā aṣlaḥahu al-Kindī / Isqilawus-- 10. f. 102r-107r: Kitāb Aristarkhus fī jirmay al-nayyirayn wa-buʻdayhimā / Aristarkhus -- 11. f. 107v-111v: Taḥrīr kitāb al-maʼkhūdhāt / Arshimīdas-- 12. f. 112r-115v: Taḥrīr kitāb al-mafrūḍāt / Thābit ibn Qurrah al-Ḥarrānī -- 13. f. 116r-122v: Kitāb maʻrifat masāḥat al-ashkāl al-basīṭah wa-al-kurīyah / Banī Mūsá Muḥammad wa-al-Ḥasan wa-Aḥmad -- 14. f. 123r-159r: Kurah wa-al-usṭuwānah / Arshimīdas -- 15. f. 159r-160v: Maqālat Arshimīdas fī taksīr al-dāʼirah / Arshimīdas -- 16. f. 161r-163: Risālah fī ʻamāl al-asṭurlāb / ḥarrarahā Muḥammad ibn Shadīd al-Ṭabīb al-Kāzarūnī  -- 17. f. 164r-179v: Kitāb al-adwār fī al-mūsīqá / ʻAbd al-Muʼmin ibn Yūsuf al-Urmawī</subfield>
    </datafield>
    <datafield tag="530" ind1=" " ind2=" ">
      <subfield code="a">Also available as a digital facsimile.</subfield>
    </datafield>
    <datafield tag="546" ind1=" " ind2=" ">
      <subfield code="a">Arabic.</subfield>
    </datafield>
    <datafield tag="500" ind1=" " ind2=" ">
      <subfield code="a">Layout: 27 lines per page with some marginalia.</subfield>
    </datafield>
    <datafield tag="500" ind1=" " ind2=" ">
      <subfield code="a">Script: Written chiefly in naskh in black ink; partially pointed; one work copied in nastaʻlīq in black ink; pointed.</subfield>
    </datafield>
    <datafield tag="500" ind1=" " ind2=" ">
      <subfield code="a">Decoration: Rubrications in red and heavier black; numerous diagrams in red and black; tables in red and black.</subfield>
    </datafield>
    <datafield tag="500" ind1=" " ind2=" ">
      <subfield code="a">Origin: The third work is dated 663? A.H. (f. 64r) and the 16th work is dated 773 A.H. and was copied by Muḥammad ibn Shadīd al-Ṭabīb al-Kāzarūnī (f. 163v).</subfield>
    </datafield>
    <datafield tag="500" ind1=" " ind2=" ">
      <subfield code="a">Shelfmark: MS Or 306.</subfield>
    </datafield>
    <datafield tag="500" ind1=" " ind2=" ">
      <subfield code="a">Illegible stamp (f. 1r) along with several notes from readers and former owners (f. 1r).</subfield>
    </datafield>
    <datafield tag="541" ind1="1" ind2=" ">
      <subfield code="a">Gift of George Arthur Plimpton, 1936.</subfield>
    </datafield>
    <datafield tag="561" ind1="1" ind2=" ">
      <subfield code="a">Formerly owned by Aḥmad ibn Muṣṭafá; loaned to Muḥammad Saʻīd ibn Ḥarīrīʹzādah (note f. 1r).</subfield>
    </datafield>
    <datafield tag="561" ind1="1" ind2=" ">
      <subfield code="a">Formerly owned by Muḥammad ʻĀrif Bīr Miʻmārān (note f. 1r)</subfield>
    </datafield>
    <datafield tag="561" ind1="1" ind2=" ">
      <subfield code="a">Formerly owned by George Arthur Plimpton (bookplate inside back cover).</subfield>
    </datafield>
    <datafield tag="563" ind1=" " ind2=" ">
      <subfield code="a">Black leather over pasteboard with gold tooled border and corner decorations; marbled paper pastedowns and endleaves.</subfield>
    </datafield>
    <datafield tag="588" ind1="0" ind2=" ">
      <subfield code="a">Item cataloged from digital facsimile and existing description.</subfield>
    </datafield>
    <datafield tag="650" ind1=" " ind2="0">
      <subfield code="a">Astronomy, Arab</subfield>
      <subfield code="v">Early works to 1800.</subfield>
    </datafield>
    <datafield tag="650" ind1=" " ind2="0">
      <subfield code="a">Astronomy, Greek</subfield>
      <subfield code="v">Early works to 1800.</subfield>
    </datafield>
    <datafield tag="650" ind1=" " ind2="0">
      <subfield code="a">Astrolabes</subfield>
      <subfield code="v">Early works to 1800.</subfield>
    </datafield>
    <datafield tag="650" ind1=" " ind2="0">
      <subfield code="a">Geometry</subfield>
      <subfield code="v">Early works to 1800.</subfield>
    </datafield>
    <datafield tag="650" ind1=" " ind2="0">
      <subfield code="a">Music</subfield>
      <subfield code="z">Arab countries</subfield>
      <subfield code="y">500-1400</subfield>
      <subfield code="v">Early works to 1800.</subfield>
    </datafield>
    <datafield tag="650" ind1=" " ind2="0">
      <subfield code="a">Optics</subfield>
      <subfield code="v">Early works to 1800.</subfield>
    </datafield>
    <datafield tag="650" ind1=" " ind2="0">
      <subfield code="a">Manuscripts, Arabic</subfield>
      <subfield code="z">New York (State)</subfield>
      <subfield code="z">New York.</subfield>
    </datafield>
    <datafield tag="655" ind1=" " ind2="7">
      <subfield code="a">Codices (bound manuscripts)</subfield>
      <subfield code="2">aat</subfield>
    </datafield>
    <datafield tag="655" ind1=" " ind2="7">
      <subfield code="a">Diagrams.</subfield>
      <subfield code="2">aat</subfield>
    </datafield>
    <datafield tag="655" ind1=" " ind2="7">
      <subfield code="a">Manuscripts (documents)</subfield>
      <subfield code="2">aat</subfield>
    </datafield>
    <datafield tag="655" ind1=" " ind2="7">
      <subfield code="a">Stamps (Provenance)</subfield>
      <subfield code="2">rbprov</subfield>
    </datafield>
    <datafield tag="700" ind1="0" ind2="2">
      <subfield code="a">Euclid.</subfield>
      <subfield code="t">Data.</subfield>
      <subfield code="l">Arabic.</subfield>
    </datafield>
    <datafield tag="700" ind1="0" ind2="2">
      <subfield code="a">Theodosius,</subfield>
      <subfield code="d">active 1st century B.C.</subfield>
      <subfield code="t">De sphaericis.</subfield>
      <subfield code="l">Arabic.</subfield>
    </datafield>
    <datafield tag="700" ind1="0" ind2="2">
      <subfield code="a">Autolycus,</subfield>
      <subfield code="d">active 2nd century.</subfield>
      <subfield code="t">De sphaera quae movetur.</subfield>
      <subfield code="l">Arabic.</subfield>
    </datafield>
    <datafield tag="700" ind1="0" ind2="2">
      <subfield code="a">Menelaus,</subfield>
      <subfield code="c">of Alexandria.</subfield>
      <subfield code="t">Sphaerica.</subfield>
      <subfield code="l">Arabic.</subfield>
    </datafield>
    <datafield tag="700" ind1="0" ind2="2">
      <subfield code="a">Euclid.</subfield>
      <subfield code="t">Optics.</subfield>
      <subfield code="l">Arabic.</subfield>
    </datafield>
    <datafield tag="700" ind1="0" ind2="2">
      <subfield code="a">Euclid.</subfield>
      <subfield code="t">Phaenomena.</subfield>
      <subfield code="l">Arabic.</subfield>
    </datafield>
    <datafield tag="700" ind1="0" ind2="2">
      <subfield code="a">Theodosius,</subfield>
      <subfield code="d">active 1st century B.C.</subfield>
      <subfield code="t">De diebus et noctibus.</subfield>
      <subfield code="l">Arabic.</subfield>
    </datafield>
    <datafield tag="700" ind1="0" ind2="2">
      <subfield code="a">Autolycus,</subfield>
      <subfield code="d">active 2nd century.</subfield>
      <subfield code="t">De ortibus et occasibus.</subfield>
      <subfield code="l">Arabic.</subfield>
    </datafield>
    <datafield tag="700" ind1="0" ind2="2">
      <subfield code="a">Hypsicles,</subfield>
      <subfield code="c">of Alexandria.</subfield>
      <subfield code="t">Anaphoricus.</subfield>
      <subfield code="l">Arabic.</subfield>
    </datafield>
    <datafield tag="700" ind1="0" ind2="2">
      <subfield code="a">Aristarchus,</subfield>
      <subfield code="c">of Samos.</subfield>
      <subfield code="t">On the sizes and distances of the sun and moon.</subfield>
      <subfield code="l">Arabic.</subfield>
    </datafield>
    <datafield tag="700" ind1="0" ind2="2">
      <subfield code="a">Archimedes.</subfield>
      <subfield code="t">Stomachion.</subfield>
      <subfield code="l">Arabic.</subfield>
    </datafield>
    <datafield tag="700" ind1="0" ind2="2">
      <subfield code="6">880-03</subfield>
      <subfield code="a">Thābit ibn Qurrah al-Ḥarrānī,</subfield>
      <subfield code="d">-901.</subfield>
      <subfield code="t">Mafrūḍāt.</subfield>
    </datafield>
    <datafield tag="700" ind1="1" ind2="2">
      <subfield code="6">880-04</subfield>
      <subfield code="a">Ibn Shākir, Muḥammad ibn Mūsá,</subfield>
      <subfield code="d">-873.</subfield>
      <subfield code="t">Maʻrifat masāḥat al-ashkāl al-basīṭah wa-al-kurīyah.</subfield>
    </datafield>
    <datafield tag="700" ind1="1" ind2="2">
      <subfield code="6">880-05</subfield>
      <subfield code="a">Ibn Shākir, Aḥmad ibn Mūsá,</subfield>
      <subfield code="d">-873.</subfield>
      <subfield code="t">Maʻrifat masāḥat al-ashkāl al-basīṭah wa-al-kurīyah.</subfield>
    </datafield>
    <datafield tag="700" ind1="1" ind2="2">
      <subfield code="6">880-06</subfield>
      <subfield code="a">Ibn Shākir, Ḥasan ibn Mūsá,</subfield>
      <subfield code="d">active 9th century.</subfield>
      <subfield code="t">Maʻrifat masāḥat al-ashkāl al-basīṭah wa-al-kurīyah.</subfield>
    </datafield>
    <datafield tag="700" ind1="0" ind2="2">
      <subfield code="a">Archimedes.</subfield>
      <subfield code="t">De sphaera et cylindro.</subfield>
      <subfield code="l">Arabic.</subfield>
    </datafield>
    <datafield tag="700" ind1="0" ind2="2">
      <subfield code="a">Archimedes.</subfield>
      <subfield code="t">Dimensio circuli.</subfield>
      <subfield code="l">Arabic.</subfield>
    </datafield>
    <datafield tag="700" ind1="1" ind2="2">
      <subfield code="6">880-07</subfield>
      <subfield code="a">Urmawī, ʻAbd al-Muʼmin ibn Yūsuf,</subfield>
      <subfield code="d">approximately 1216-1294.</subfield>
      <subfield code="t">Adwār fī al-mūsīqá.</subfield>
    </datafield>
    <datafield tag="700" ind1="1" ind2=" ">
      <subfield code="6">880-08</subfield>
      <subfield code="a">Ṭūsī, Naṣīr al-Dīn Muḥammad ibn Muḥammad,</subfield>
      <subfield code="d">1201-1274,</subfield>
      <subfield code="e">translator.</subfield>
    </datafield>
    <datafield tag="700" ind1="1" ind2=" ">
      <subfield code="6">880-09</subfield>
      <subfield code="a">Kāzarūnī, Muḥammad ibn Shadīd,</subfield>
      <subfield code="e">scribe.</subfield>
    </datafield>
    <datafield tag="700" ind1="1" ind2=" ">
      <subfield code="6">880-10</subfield>
      <subfield code="a">Nasawī, Muḥammad ibn Aḥmad,</subfield>
      <subfield code="d">-1241 or 1242,</subfield>
      <subfield code="e">editor.</subfield>
    </datafield>
    <datafield tag="700" ind1="0" ind2=" ">
      <subfield code="6">880-11</subfield>
      <subfield code="a">Aḥmad ibn Muṣṭafá,</subfield>
      <subfield code="e">former owner.</subfield>
    </datafield>
    <datafield tag="700" ind1="0" ind2=" ">
      <subfield code="6">880-12</subfield>
      <subfield code="a">Muḥammad Saʻīd ibn Ḥarīrīʹzādah,</subfield>
      <subfield code="e">borrower.</subfield>
    </datafield>
    <datafield tag="700" ind1="0" ind2=" ">
      <subfield code="6">880-13</subfield>
      <subfield code="a">Muḥammad ʻĀrif Bīr Miʻmārān,</subfield>
      <subfield code="e">former owner.</subfield>
    </datafield>
    <datafield tag="700" ind1="1" ind2=" ">
      <subfield code="a">Plimpton, George A.</subfield>
      <subfield code="q">(George Arthur),</subfield>
      <subfield code="d">1855-1936,</subfield>
      <subfield code="e">former owner.</subfield>
    </datafield>
    <datafield tag="710" ind1="2" ind2=" ">
      <subfield code="a">Muslim World Manuscripts (Columbia University. Rare Book and Manuscript Library)</subfield>
      <subfield code="5">NNC</subfield>
    </datafield>
    <datafield tag="740" ind1="0" ind2="2">
      <subfield code="6">880-14</subfield>
      <subfield code="a">Muʻṭīyāt.</subfield>
    </datafield>
    <datafield tag="740" ind1="0" ind2="2">
      <subfield code="6">880-15</subfield>
      <subfield code="a">Kitāb al-ukar.</subfield>
    </datafield>
    <datafield tag="740" ind1="3" ind2="2">
      <subfield code="6">880-16</subfield>
      <subfield code="a">al-Kurah al-mutaḥarrikah.</subfield>
    </datafield>
    <datafield tag="740" ind1="0" ind2="2">
      <subfield code="6">880-17</subfield>
      <subfield code="a">Fī al-ashkāl al-kurīyah.</subfield>
    </datafield>
    <datafield tag="740" ind1="0" ind2="2">
      <subfield code="6">880-18</subfield>
      <subfield code="a">Kitāb al-manāẓir.</subfield>
    </datafield>
    <datafield tag="740" ind1="0" ind2="2">
      <subfield code="6">880-19</subfield>
      <subfield code="a">Ẓāhirat al-falak.</subfield>
    </datafield>
    <datafield tag="740" ind1="0" ind2="2">
      <subfield code="6">880-20</subfield>
      <subfield code="a">Fī al-ayyām wa-al-layālī.</subfield>
    </datafield>
    <datafield tag="740" ind1="0" ind2="2">
      <subfield code="6">880-21</subfield>
      <subfield code="a">Fī al-ṭulūʻ wa-al-ghurūb.</subfield>
    </datafield>
    <datafield tag="740" ind1="0" ind2="2">
      <subfield code="6">880-22</subfield>
      <subfield code="a">Fī al-maṭāliʻ mimmā aṣlaḥahu al-Kindī.</subfield>
    </datafield>
    <datafield tag="740" ind1="0" ind2="2">
      <subfield code="6">880-23</subfield>
      <subfield code="a">Fī jirmay al-nayyirayn wa-buʻdayhimā.</subfield>
    </datafield>
    <datafield tag="740" ind1="0" ind2="2">
      <subfield code="6">880-24</subfield>
      <subfield code="a">Kitāb al-maʼkhūdhāt.</subfield>
    </datafield>
    <datafield tag="740" ind1="0" ind2="2">
      <subfield code="6">880-25</subfield>
      <subfield code="a">Kurah wa-al-usṭuwānah.</subfield>
    </datafield>
    <datafield tag="740" ind1="0" ind2="2">
      <subfield code="6">880-26</subfield>
      <subfield code="a">Maqālat Arshimīdas fī taksīr al-dāʼirah.</subfield>
    </datafield>
    <datafield tag="740" ind1="0" ind2="2">
      <subfield code="6">880-27</subfield>
      <subfield code="a">Risālah fī ʻilm al-asṭurlāb.</subfield>
    </datafield>
    <datafield tag="856" ind1="4" ind2="1">
      <subfield code="z">Digital facsimile in OPenn</subfield>
      <subfield code="u">http://openn.library.upenn.edu/Data/0032/html/ms_or_306.html</subfield>
    </datafield>
    <datafield tag="852" ind1=" " ind2=" ">
      <subfield code="a">Columbia University.</subfield>
      <subfield code="b">Rare Book and Manuscript Library</subfield>
      <subfield code="e">New York, NY. 10027</subfield>
      <subfield code="n">nyu</subfield>
      <subfield code="u">https://clio.columbia.edu/catalog/13848480</subfield>
    </datafield>
    <datafield tag="880" ind1="0" ind2="0">
      <subfield code="6">245-01/(3/r</subfield>
      <subfield code="a">كتاب المتوسطات.</subfield>
    </datafield>
    <datafield tag="880" ind1="3" ind2="0">
      <subfield code="6">246-02/(3/r</subfield>
      <subfield code="a">متوسطات.</subfield>
    </datafield>
    <datafield tag="880" ind1="0" ind2="2">
      <subfield code="6">700-03/(3/r</subfield>
      <subfield code="a">ثابت بن قرة الحراني،</subfield>
      <subfield code="d">-901.</subfield>
      <subfield code="t">مفروضات.</subfield>
    </datafield>
    <datafield tag="880" ind1="1" ind2="2">
      <subfield code="6">700-04/(3/r</subfield>
      <subfield code="a">ابن شاكر، محمد بن موسى،</subfield>
      <subfield code="d">-873.</subfield>
      <subfield code="t">معرفة مساحة الأشكال البسيطة والكرية.</subfield>
    </datafield>
    <datafield tag="880" ind1="1" ind2="2">
      <subfield code="6">700-05/(3/r</subfield>
      <subfield code="a">ابن شاكر، احمد بن موسى،</subfield>
      <subfield code="d">-873.</subfield>
      <subfield code="t">معرفة مساحة الأشكال البسيطة والكرية.</subfield>
    </datafield>
    <datafield tag="880" ind1="1" ind2="2">
      <subfield code="6">700-06/(3/r</subfield>
      <subfield code="a">ابن شاكر، حسن بن موسى،</subfield>
      <subfield code="d">active 9th century.</subfield>
      <subfield code="t">معرفة مساحة الأشكال البسيطة والكرية.</subfield>
    </datafield>
    <datafield tag="880" ind1="1" ind2="2">
      <subfield code="6">700-07/(3/r</subfield>
      <subfield code="a">ارموي، عبد المؤمن بن يوسف،</subfield>
      <subfield code="d">approximately 1216-1294.</subfield>
      <subfield code="t">أدوار في الموسيقى.</subfield>
    </datafield>
    <datafield tag="880" ind1="1" ind2=" ">
      <subfield code="6">700-08/(3/r</subfield>
      <subfield code="a">طوسي، نصير الدين محمد بن محمد،</subfield>
      <subfield code="d">1201-1274.</subfield>
    </datafield>
    <datafield tag="880" ind1="1" ind2=" ">
      <subfield code="6">700-09/(3/r</subfield>
      <subfield code="a">كازروني، محمد بن شديد.</subfield>
    </datafield>
    <datafield tag="880" ind1="1" ind2=" ">
      <subfield code="6">700-10/(3/r</subfield>
      <subfield code="a">نسوي، محمد بن احمد،</subfield>
      <subfield code="d">-1241 or 1242.</subfield>
    </datafield>
    <datafield tag="880" ind1="0" ind2=" ">
      <subfield code="6">700-11/(3/r</subfield>
      <subfield code="a">احمد بن مصطفى.</subfield>
    </datafield>
    <datafield tag="880" ind1="0" ind2=" ">
      <subfield code="6">700-12/(3/r</subfield>
      <subfield code="a">محمد سعيد بن حريرى‌زاده.</subfield>
    </datafield>
    <datafield tag="880" ind1="0" ind2=" ">
      <subfield code="6">700-13/(3/r</subfield>
      <subfield code="a">محمد عارف بير معماران.</subfield>
    </datafield>
    <datafield tag="880" ind1="3" ind2="2">
      <subfield code="6">740-14/(3/r</subfield>
      <subfield code="a">المعطيات.</subfield>
    </datafield>
    <datafield tag="880" ind1="0" ind2="2">
      <subfield code="6">740-15/(3/r</subfield>
      <subfield code="a">كتاب الأكر.</subfield>
    </datafield>
    <datafield tag="880" ind1="3" ind2="2">
      <subfield code="6">740-16/(3/r</subfield>
      <subfield code="a">الكرة المتحركة.</subfield>
    </datafield>
    <datafield tag="880" ind1="0" ind2="2">
      <subfield code="6">740-17/(3/r</subfield>
      <subfield code="a">في الأشكال الكرية.</subfield>
    </datafield>
    <datafield tag="880" ind1="0" ind2="2">
      <subfield code="6">740-18/(3/r</subfield>
      <subfield code="a">كتاب المناظر.</subfield>
    </datafield>
    <datafield tag="880" ind1="0" ind2="2">
      <subfield code="6">740-19/(3/r</subfield>
      <subfield code="a">ظاهرة الفلك.</subfield>
    </datafield>
    <datafield tag="880" ind1="0" ind2="2">
      <subfield code="6">740-20/(3/r</subfield>
      <subfield code="a">في الأيام والليالي.</subfield>
    </datafield>
    <datafield tag="880" ind1="0" ind2="2">
      <subfield code="6">740-21/(3/r</subfield>
      <subfield code="a">في الطلوع والغروب.</subfield>
    </datafield>
    <datafield tag="880" ind1="0" ind2="2">
      <subfield code="6">740-22/(3/r</subfield>
      <subfield code="a">في المطالع مما أصلحه الكندي.</subfield>
    </datafield>
    <datafield tag="880" ind1="0" ind2="2">
      <subfield code="6">740-23/(3/r</subfield>
      <subfield code="a">في جرمي النيرين وبعديهما.</subfield>
    </datafield>
    <datafield tag="880" ind1="0" ind2="2">
      <subfield code="6">740-24/(3/r</subfield>
      <subfield code="a">كتاب المأخوذات.</subfield>
    </datafield>
    <datafield tag="880" ind1="3" ind2="2">
      <subfield code="6">740-25/(3/r</subfield>
      <subfield code="a">الكرة والاسطوانة.</subfield>
    </datafield>
    <datafield tag="880" ind1="0" ind2="2">
      <subfield code="6">740-26/(3/r</subfield>
      <subfield code="a">مقالة ارشميدس في تكسير الدائرة.</subfield>
    </datafield>
    <datafield tag="880" ind1="0" ind2="2">
      <subfield code="6">740-27/(3/r</subfield>
      <subfield code="a">رسالة في علم الأسطرلاب.</subfield>
    </datafield>
    <datafield tag="066" ind1=" " ind2=" ">
      <subfield code="c">(3</subfield>
    </datafield>
  </record></collection>